<?xml version="1.0" encoding="utf-8"?>
<BCE:Balanza xmlns:xsi="http://www.w3.org/2001/XMLSchema-instance" xsi:schemaLocation="www.sat.gob.mx/esquemas/ContabilidadE/1_1/BalanzaComprobacion http://www.sat.gob.mx/esquemas/ContabilidadE/1_1/BalanzaComprobacion/BalanzaComprobacion_1_1.xsd" xmlns:BCE="www.sat.gob.mx/esquemas/ContabilidadE/1_1/BalanzaComprobacion" 
Version="1.1" RFC="AAA010101AAA" Mes="01" Anio="2015" TipoEnvio="N"
Sello="" noCertificado="20001000000100005867" Certificado="" >
  <BCE:Ctas NumCta="101-000-000" SaldoIni="1100.00" Debe="0.00" Haber="0.00" SaldoFin="1100.00" />
  <BCE:Ctas NumCta="102-000-000" SaldoIni="96098.14" Debe="0.00" Haber="0.00" SaldoFin="96098.14" />
  <BCE:Ctas NumCta="102-003-000" SaldoIni="-158142.21" Debe="0.00" Haber="0.00" SaldoFin="-158142.21" />
  <BCE:Ctas NumCta="102-006-000" SaldoIni="254240.35" Debe="0.00" Haber="0.00" SaldoFin="254240.35" />
  <BCE:Ctas NumCta="103-000-000" SaldoIni="-201051.15" Debe="0.00" Haber="0.00" SaldoFin="-201051.15" />
  <BCE:Ctas NumCta="104-000-000" SaldoIni="-71481.58" Debe="0.00" Haber="0.00" SaldoFin="-71481.58" />
  <BCE:Ctas NumCta="104-001-000" SaldoIni="-5231.01" Debe="0.00" Haber="0.00" SaldoFin="-5231.01" />
  <BCE:Ctas NumCta="104-002-000" SaldoIni="-66250.57" Debe="0.00" Haber="0.00" SaldoFin="-66250.57" />
  <BCE:Ctas NumCta="105-000-000" SaldoIni="-1000.00" Debe="0.00" Haber="0.00" SaldoFin="-1000.00" />
  <BCE:Ctas NumCta="107-000-000" SaldoIni="64514.42" Debe="0.00" Haber="0.00" SaldoFin="64514.42" />
  <BCE:Ctas NumCta="107-001-000" SaldoIni="42668.92" Debe="0.00" Haber="0.00" SaldoFin="42668.92" />
  <BCE:Ctas NumCta="107-004-000" SaldoIni="21845.50" Debe="0.00" Haber="0.00" SaldoFin="21845.50" />
  <BCE:Ctas NumCta="114-000-000" SaldoIni="-100.00" Debe="0.00" Haber="0.00" SaldoFin="-100.00" />
  <BCE:Ctas NumCta="201-000-000" SaldoIni="-465344.30" Debe="0.00" Haber="0.00" SaldoFin="-465344.30" />
  <BCE:Ctas NumCta="202-000-000" SaldoIni="158264.59" Debe="0.00" Haber="0.00" SaldoFin="158264.59" />
  <BCE:Ctas NumCta="202-001-000" SaldoIni="11579.46" Debe="0.00" Haber="0.00" SaldoFin="11579.46" />
  <BCE:Ctas NumCta="202-002-000" SaldoIni="146685.13" Debe="0.00" Haber="0.00" SaldoFin="146685.13" />
  <BCE:Ctas NumCta="203-000-000" SaldoIni="14884.00" Debe="0.00" Haber="0.00" SaldoFin="14884.00" />
  <BCE:Ctas NumCta="206-000-000" SaldoIni="0.00" Debe="0.00" Haber="0.00" SaldoFin="0.00" />
  <BCE:Ctas NumCta="206-001-000" SaldoIni="37547.50" Debe="0.00" Haber="0.00" SaldoFin="37547.50" />
  <BCE:Ctas NumCta="206-002-000" SaldoIni="-37547.50" Debe="0.00" Haber="0.00" SaldoFin="-37547.50" />
  <BCE:Ctas NumCta="209-000-000" SaldoIni="1100.00" Debe="0.00" Haber="0.00" SaldoFin="1100.00" />
  <BCE:Ctas NumCta="209-002-000" SaldoIni="1100.00" Debe="0.00" Haber="0.00" SaldoFin="1100.00" />
  <BCE:Ctas NumCta="500-000-000" SaldoIni="403115.88" Debe="0.00" Haber="0.00" SaldoFin="403115.88" />
  <BCE:Ctas NumCta="500-001-000" SaldoIni="403115.88" Debe="0.00" Haber="0.00" SaldoFin="403115.88" />
  <BCE:Ctas NumCta="502-000-000" SaldoIni="100.00" Debe="0.00" Haber="0.00" SaldoFin="100.00" />
  <BCE:Ctas NumCta="502-002-000" SaldoIni="100.00" Debe="0.00" Haber="0.00" SaldoFin="100.00" />
  <BCE:Ctas NumCta="703-000-000" SaldoIni="-200.00" Debe="0.00" Haber="0.00" SaldoFin="-200.00" />
</BCE:Balanza>